@preamble{ 
	"\newcommand{\noopsort}[1]{} "
	# "\newcommand{\printfirst}[2]{#1} "
	# "\newcommand{\singleletter}[1]{#1} "
	# "\newcommand{\switchargs}[2]{#2#1} " 
}

@ARTICLE{Michie1994,
	title = {Machine learning},
	author = {Michie, Donald and Spiegelhalter, David J and Taylor, CC and others},
	journal = {Neural and Statistical Classification},
	volume = {13},
	number = {1994},
	pages = {1--298},
	year = {1994},
	publisher = {Technometrics}
}

@ARTICLE{Qi2020,
	author = {W. {Qi} and B. {Landfeldt} and Q. {Song} and L. {Guo} and A. {Jamalipour}},
	journal = {IEEE Transactions on Vehicular Technology},
	title = {Traffic Differentiated Clustering Routing in DSRC and C-V2X Hybrid Vehicular Networks},
	year = {2020},
	volume = {69},
	number = {7},
	pages = {7723-7734},
	doi = {10.1109/TVT.2020.2990174}
}

@ARTICLE{Chung2020,
	author = {Chung, Ming-An and Chang, Wei-Hsuan},
	year = {2020},
	title = {Low‐cost, low‐profile and miniaturized single‐plane antenna design for an Internet of Thing device applications operating in 5G, 4G, V2X, DSRC, WiFi 6 band, WLAN, and WiMAX communication systems},
	journal = {Microwave and optical technology letters},
	volume = {62},
	number = {4},
	pages = {1765-1773},
	keywords = {DSRC; multi‐band monopole antenna; 5G; 4G; WiMAX; IoT device; V2X; WiFi 6 band},
	isbn = {0895-2477},
	language = {English}
}

@ARTICLE{Ali2020,
	author = {Ali, Imran and Asif, Muhammad and Muhammad Riaz, Ur R. and Khan, Danial and Yingge, Huo and Sung, Jin K. and Pu, YoungGun and Sang-Sun, Yoo and Kang-Yoon, Lee},
	year = {2020},
	title = {A Highly Reliable, 5.8 GHz DSRC Wake-Up Receiver with an Intelligent Digital Controller for an ETC System},
	journal = {Sensors},
	volume = {20},
	number = {14},
	pages = {4012},
	note = {Copyright - © 2020. This work is licensed under http://creativecommons.org/licenses/by/3.0/ (the “License”). Notwithstanding the ProQuest Terms and Conditions, you may use this content in accordance with the terms of the License; Last updated - 2020-07-24},
	keywords = {Chemistry--Analytical Chemistry; wake-up receiver; digital controller; reliability; electronic toll collection (ETC) system; dedicated short range communication (DSRC); Receivers & amplifiers; Wireless networks; Accuracy; Semiconductors; Radio frequency; Communication; Sensors; Antennas; Circuits; CMOS; Noise; Controllers; Power consumption; Frequency variation; Hibernation; Vehicles},
	language = {English},
	url = {https://search-proquest-com.library.sheridanc.on.ca/scholarly-journals/highly-reliable-5-8-ghz-dsrc-wake-up-receiver/docview/2426427287/se-2?accountid=3455}
}

@ARTICLE{Khare2020,
	title = {Fast-track message authentication protocol for DSRC using HMAC and group keys},
	journal = {Applied Acoustics},
	volume = {165},
	pages = {107331},
	year = {2020},
	issn = {0003-682X},
	doi = {https://doi.org/10.1016/j.apacoust.2020.107331},
	url = {http://www.sciencedirect.com/science/ARTICLE/pii/S0003682X20302425},
	author = {Smith K. Khare},
	keywords = {VANET, Vehicle authentication, Hash message authentication code (HMAC), Secret keys, Certificate revocation list (CRL), Intelligent transportation system}
}

@ARTICLE{Tonguz2020,
	author = {Tonguz, {Ozan K.} and Zhang, Rusheng},
	year = {2020},
	title = {Harnessing Vehicular Broadcast Communications: DSRC-Actuated Traffic Control},
	journal = {IEEE transactions on intelligent transportation systems},
	volume = {21},
	number = {2},
	pages = {509-520},
	keywords = {improving traffic flows; Adaptive systems; Urban areas; DSRC-actuated traffic control; distributed traffic control systems; transition scheme to Virtual Traffic Lights; Dedicated short range communication; Standards; communications-based traffic control; Detectors; Reducing average commute time; Cameras; Safety},
	isbn = {1524-9050},
	language = {English}
}

@ARTICLE{Gani2020,
	author = {S. M. O. {Gani} and Y. P. {Fallah} and H. {Krishnan}},
	journal = {IEEE Transactions on Intelligent Transportation Systems}, 
	title = {Robust and Scalable V2V Safety Communication Based on the SAE J2945/1 Standard}, 
	year = {2020},
	pages = {1-12},
	doi = {10.1109/TITS.2020.3016307}
}

@ARTICLE{Lyu2020,
	author = {F. {Lyu} and H. {Zhu} and N. {Cheng} and H. {Zhou} and W. {Xu} and M. {Li} and X. {Shen}},
	journal = {IEEE Transactions on Intelligent Transportation Systems}, 
	title = {Characterizing Urban Vehicle-to-Vehicle Communications for Reliable Safety Applications}, 
	year = {2020},
	volume = {21},
	number = {6},
	pages = {2586-2602},
	doi = {10.1109/TITS.2019.2920813}
}

@INPROCEEDINGS{Al-Absi2020,
	author = {M. A. {Al-Absi} and A. A. {Al-Absi} and H. J. {Lee}},
	booktitle = {2020 22nd International Conference on Advanced Communication Technology (ICACT)}, 
	title = {Comparison between DSRC and other Short Range Wireless Communication Technologies}, 
	year = {2020},
	pages = {1-5},
	doi = {10.23919/ICACT48636.2020.9061543}
}

@ARTICLE{Xiong2020,
	author = {K. {Xiong} and S. {Leng} and C. {Huang} and C. {Yuen} and Y. L. {Guan}},
	journal = {IEEE Transactions on Intelligent Transportation Systems}, 
	title = {Intelligent Task Offloading for Heterogeneous V2X Communications}, 
	year = {2020},
	pages = {1-13},
	doi = {10.1109/TITS.2020.3015210}
}

@ARTICLE{Subedi2020,
	author = {Subedi, Biraj and Gaweesh, Sherif M. and Yang, Guangchuan and Ahmed, Mohamed M.},
	year = {2020},
	title = {Connected Vehicle Training Framework and Lessons Learned to Improve Safety of Highway Patrol Troopers},
	journal = {Transportation research record},
	volume = {2674},
	number = {12},
	pages = {447-463},
	isbn = {0361-1981},
	language = {English}
}

@MISC{Global-V2X-Market2020,
	year = {2020},
	month = {Jun 26},
	title = {Global V2X Market for Automotive Market By Communication Type, By Connectivity Type, By Offering Type, By Technology Type, By Propulsion Type, By Company and By Geography, Forecast \& Opportunities, 2025: Global V2X Market for Automotive Market By Communication Type (V2C, V2G, V2P, V2I, V2V, V2D), By Connectivity Type (DSRC Connectivity and Cellular Connectivity), By Offering Type (Hardware and Software), By Technology Type (Emergency Vehicle Notification, Automated Driver Assistance, Passenger Information System, Line of Sight and Others), By Propulsion Type (ICE Vehicles and Electric Vehicles), By Company and By Geography, Forecast \& Opportunities, 2025},
	journal = {NASDAQ OMX's News Release Distribution Channel},
	language = {English},
	url = {https://search-proquest-com.library.sheridanc.on.ca/wire-feeds/global-v2x-market-automotive-communication-type/docview/2417172582/se-2?accountid=3455}
}

@INPROCEEDINGS{Ahmed2017,
	author = {Ahmed, Md Salman and Hoque, Mohammad A. and Rios-Torres, Jackeline and Khattak, Asad},
	title = {Demo: Freeway Merge Assistance System Using DSRC},
	year = {2017},
	isbn = {9781450351461},
	publisher = {Association for Computing Machinery},
	address = {New York, NY, USA},
	url = {https://doi.org/10.1145/3131944.3131957},
	doi = {10.1145/3131944.3131957},
	booktitle = {Proceedings of the 2nd ACM International Workshop on Smart, Autonomous, and Connected Vehicular Systems and Services},
	pages = {83–84},
	numpages = {2},
	keywords = {ramps, freeway, connected vehicle, merge assistance system, DSRC, decentralized system, merge control algorithms, advisory},
	location = {Snowbird, Utah, USA},
	series = {CarSys '17}
}

@ARTICLE{Ni2020,
	author = {Ni, Jie and Han, Jingwen and Dong, Fei},
	year = {2020},
	title = {Multivehicle Cooperative Lane Change Control Strategy for Intelligent Connected Vehicle},
	journal = {Journal of advanced transportation},
	volume = {2020},
	pages = {1-10},
	keywords = {Multiple objective analysis; Lane changing; Decision making; Cooperative control; Traffic accidents & safety; Optimization; Vehicles; Traffic flow; Algorithms; Collaboration; Cooperation; Kinematics; Control algorithms; Strategy; Lane keeping; Feasibility; Collision avoidance; Nonlinear systems; Predictive control},
	isbn = {0197-6729},
	language = {English}
}

@ARTICLE{Sukru2020,
	author = {Gelbal, Sukru Y. and Aksun-Guvenc, Bilin and Guvenc, Levent},
	year = {2020},
	title = {Collision Avoidance of Low Speed Autonomous Shuttles with Pedestrians},
	journal = {International journal of automotive technology},
	volume = {21},
	number = {4},
	pages = {903-917},
	isbn = {1229-9138},
	language = {English}
}

@ARTICLE{Hafeez2013,
	author = {K. A. {Hafeez} and L. {Zhao} and B. {Ma} and J. W. {Mark}},
	journal = {IEEE Transactions on Vehicular Technology},
	title = {Performance Analysis and Enhancement of the DSRC for VANET's Safety Applications},
	year = {2013},
	volume = {62},
	number = {7},
	pages = {3069-3083},
	doi = {10.1109/TVT.2013.2251374}
}

@ARTICLE{Lee2014,
	author = {Lee, Chun-Liang and Huang, Chung-Yuan and Hsiao, Tzu-Chien and Wu, Chun-Yen and Chen, Yaw-Chung and Wang, I-C},
	year = {2014},
	month = {11},
	title = {Impact of Vehicular Networks on Emergency Medical Services in Urban Areas},
	journal = {International Journal of Environmental Research and Public Health},
	volume = {11},
	number = {11},
	pages = {11348-70},
	note = {Copyright - Copyright Molecular Diversity Preservation International Nov 2014; Document feature - Illustrations; Charts; Maps; Photographs; ; Last updated - 2015-02-28},
	keywords = {Sciences: Comprehensive Works; Emergency medical care; Urban areas; Health care delivery; Simulation; Emergency services},
	isbn = {1661-7827},
	language = {English},
	url = {https://search-proquest-com.library.sheridanc.on.ca/scholarly-journals/impact-vehicular-networks-on-emergency-medical/docview/1626667006/se-2?accountid=3455}
}

@INPROCEEDINGS{Buchenscheit2009,
	author = {A. {Buchenscheit} and F. {Schaub} and F. {Kargl} and M. {Weber}},
	booktitle = {2009 IEEE Vehicular Networking Conference (VNC)},
	title = {A VANET-based emergency vehicle warning system},
	year = {2009},
	pages = {1-8},
	doi = {10.1109/VNC.2009.5416384}
}

@INPROCEEDINGS{Huang2009,
	author = {C. {Huang} and C. {Yang} and C. {Tseng} and C. {Chou}},
	booktitle = {2009 4th International Symposium on Wireless Pervasive Computing},
	title = {A Centralized Traffic Control Mechanism for Evacuation of Emergency Vehicles Using the DSRC Protocol},
	year = {2009},
	pages = {1-5},
	doi = {10.1109/ISWPC.2009.4800550}
}

@INPROCEEDINGS{Rizvi2007,
	author = {S. R. {Rizvi} and S. {Olariu} and M. C. {Weigle} and M. E. {Rizvi}},
	booktitle = {2007 IEEE 66th Vehicular Technology Conference},
	title = {A Novel Approach to Reduce Traffic Chaos in Emergency and Evacuation Scenarios},
	year = {2007},
	pages = {1937-1941},
	doi = {10.1109/VETECF.2007.407}
}

@ARTICLE{Hsiao2018,
	author = {Hsiao, Hongwei and Chang, Joonho and Simeonov, Peter},
	year = {2018},
	title = {Preventing Emergency Vehicle Crashes: Status and Challenges of Human Factors Issues},
	journal = {Human factors},
	volume = {60},
	number = {7},
	pages = {1048-1072},
	keywords = {Control; Emergency vehicles; Ergonomics; Traffic accidents; Analysis; Accidents; Index Medicus; Space life sciences; ambulance; driver assistance systems; police vehicle; roadway design; fire truck; intersection},
	isbn = {0018-7208},
	language = {English}
}

@ARTICLE{Al-Ghamdi2002,
	author = {Al-Ghamdi, {Ali S.}},
	year = {2002},
	title = {Emergency medical service rescue times in Riyadh},
	journal = {Accident analysis and prevention},
	volume = {34},
	number = {4},
	pages = {499-505},
	keywords = {Rescue time; Percentile; Emergency medical service; Response time; Test statistic; Red Cross; Humans; Accidents, Traffic - statistics & numerical data; Time and Motion Studies; Ambulances - standards; Models, Statistical; Ambulances - statistics & numerical data; Saudi Arabia - epidemiology; Quality of Health Care; Index Medicus},
	isbn = {0001-4575},
	language = {English}
}

@INPROCEEDINGS{Vlad2008,
	author = {Vlad, {R. C.} and Morel, C. and Morel, {J. Y.} and Vlad, S.},
	year = {2008},
	title = {A Learning Real-Time Routing System for Emergency Vehicles},
	booktitle = {A Learning Real-Time Routing System for Emergency Vehicles},
	publisher = {IEEE},
	volume = {3},
	pages = {390-395},
	keywords = {Real time systems; Artificial neural networks; Routing; Emergency services; Distance measurement; Delay; Vehicles},
	isbn = {9781424425761;142442576X;},
	language = {English}
}

@ARTICLE{Retting1995,
	author = {Retting, R. A. and Williams, A. F. and Preusser, D. F. and Weinstein, H. B.},
	year = {1995},
	title = {Classifying urban crashes for countermeasure development},
	journal = {Accident analysis and prevention},
	volume = {27},
	number = {3},
	pages = {283-294},
	keywords = {Accidents, Traffic - classification; United States; Humans; Risk Factors; Social Environment; Urban Population; Accidents, Traffic - prevention & control; Index Medicus},
	isbn = {0001-4575},
	language = {English}
}

@MISC{Emergency-Vehicles2020,
	title = {Emergency Vehicles},
	url = {https://injuryfacts.nsc.org/motor-vehicle/road-users/emergency-vehicles/},
	journal = {Injury Facts},
	year = {2020}
}

@MISC{Vehicle-Fatalities2020,
	title = {Preview of Motor Vehicle Traffic Fatalities in 2019-2020},
	url = {https://crashstats.nhtsa.dot.gov/Api/Public/ViewPublication/813021},
	journal = {Crashstats.nhtsa.dot.gov},
	year = {2020}
}

@MISC{Leading-Causes-Death2021,
	title = {Leading Causes of Death in 2021},
	url = {https://www.cdc.gov/nchs/fastats/leading-causes-of-death.htm},
	journal = {CDC.gov},
	year = {2021}
}

@MISC{Canada-Driving-Stats2021,
	title = {2021 Driving Statistics: The Ultimate List of Canadian Driving},
	url = {https://tests.ca/driving-statistics/},
	journal = {Tests.ca},
	year = {2021}
}

@MISC{Vehicles-on-Road2020,
	url = {https://www150.statcan.gc.ca/n1/daily-quotidien/200910/dq200910d-eng.htm?indid=635-1&indgeo=0},
	journal = {Statistics Canada},
	year = {2020},
	title = {More vehicles on the Road in 2019}
}

@MISC{Idling-Impacts2016,
	title = {Emission Impacts Resulting from Vehicle Idling in 2016},
	url = {https://www.nrcan.gc.ca/energy/efficiency/communities-infrastructure/transportation/cars-light-trucks/idling/4415},
	journal = {Nrcan.gc.ca},
	year = {2016}
}

@INPROCEEDINGS{Ismath2019,
	author = {Ismath, Insaf and Samarasinghe, Tharaka and Dias, Dileeka and Wimalarathna, Madara and Rasanga, Waruna and Jayaweera, Nalin and Nugera, Yohan},
	year = {2019},
	title = {Emergency Vehicle Traversal using DSRC/WAVE based Vehicular Communication},
	booktitle = {Emergency Vehicle Traversal using DSRC/WAVE based Vehicular Communication},
	publisher = {IEEE},
	pages = {1981-1986},
	keywords = {DSRC; WAVE; vehicular ad-hoc networks; Emergency vehicle traversal; V2V communication; intelligent transport systems},
	language = {English}
}

@ARTICLE{Bahaaldin2017,
	author = {Bahaaldin, Karzan and Fries, Ryan and Bhavsar, Parth and Das, Plaban},
	year = {2017},
	title = {A Case Study on the Impacts of Connected Vehicle Technology on No-Notice Evacuation Clearance Time},
	journal = {Journal of advanced transportation},
	volume = {2017},
	pages = {1-9},
	keywords = {Case studies; Evacuation of civilians; Analysis; Illinois; Traffic engineering; Metropolitan areas; Methods; Performance evaluation; Roads & highways; Roads; Traffic models; Traffic planning; Traffic; Emergency management; Transportation engineering; Research; Information dissemination; Vehicles; Traffic flow; Disasters; Technology; Route optimization; Infrastructure; Emergency preparedness; Transportation planning; Communication; Computer simulation; Forest & brush fires; Penetration; Researchers; Algorithms; Evacuation systems; Traffic management; Evacuation; Evacuations & rescues; Traffic congestion},
	isbn = {0197-6729},
	language = {English}
}

@ARTICLE{Passafiume2020,
	author = {Passafiume, Marco and Collodi, Giovanni and Cidronali, Alessandro},
	year = {2020},
	title = {Design Principles of Batteryless Transponder for Vehicular DSRC at 5.8 GHz},
	journal = {IEEE Journal of Radio Frequency Identification},
	volume = {4},
	number = {4},
	pages = {491-505},
	keywords = {Wireless communication; DSRC; Wireless sensor networks; batteryless transponder; low power communications; vehicular communications; Batteries; Energy harvesting; Transponders; Impedance; wireless sensors; Radiofrequency identification},
	isbn = {2469-7281},
	language = {English}
}

@MISC{McCarthy2020,
	title = {U.S. Pedestrian Deaths Hit Highest Level In 30 Years},
	url = {https://www.statista.com/chart/17194/pedestrian-fatalities-in-the-us-by-year/},
	journal = {Statista},
	author = {McCarthy, Niall},
	year = {2020}
}

@MISC{Wagner2020,
	title = {Road accidents in the United States},
	url = {https://www.statista.com/topics/3708/road-accidents-in-the-us/},
	journal = {Statista},
	author = {Wagner, I},
	year = {2020}
}

@ARTICLE{Ray2007,
	author = {Ray, Adam M. and Kupas, Douglas F.},
	year = {2007},
	title = {Comparison of Rural andUrban Ambulance Crashes in Pennsylvania},
	journal = {Prehospital emergency care},
	volume = {11},
	number = {4},
	pages = {416-420},
	keywords = {EMS; ambulance; motor vehicle crashes; urban; injury prevention; rural},
	isbn = {1090-3127},
	language = {English}
}

@MISC{Enforcement-Safety2020,
	title = {Law Enforcement Officer Motor Vehicle Safety in 2020},
	url = {https://www.cdc.gov/niosh/topics/leo/default.html},
	journal = {CDC.gov},
	year = {2020}
}

@misc{MoveOver_2021,
	title = {Move over for emergency vehicles - it's the law!},
	url = {https://www.407etr.com/en/highway/safety/OPPArticle1.html},
	journal = {407etr.com},
	year = {2021}
}

@misc{MTO_2020, 
	title = {Dealing with Particular Situations},
	url = {https://www.ontario.ca/document/official-mto-drivers-handbook/dealing-particular-situations},
	journal = {Ontario.ca},
	year = {2020}
}

@phdthesis{McDonald2013,
	author = {McDonald, William G., Sr},
	keywords = {Public policy; Health care management},
	isbn = {1267945028;9781267945020;},
	language = {English}
}

@article{Beneoks2019,
	author = {Benekos, Ioannis, PhD. and Mavromatis, Stergios, PhD. and Laiou, Alexandra and Yannis, George},
	year = {2019},
	month = {01},
	title = {The Use of Intelligent Transportation Systems in Risk and Emergency Management for Road Transport Planning and Operation},
	journal = {Institute of Transportation Engineers.ITE Journal},
	volume = {89},
	number = {1},
	pages = {44-49},
	isbn = {01628178},
	language = {English},
	url = {https://search-proquest-com.library.sheridanc.on.ca/scholarly-journals/use-intelligent-transportation-systems-risk/docview/2173846522/se-2?accountid=3455},
}

@article{Drop2021,
	author = {Drop, Natalia and Garlinska, Daria},
	year = {2021},
	title = {Evaluation of Intelligent Transport Systems Used in Urban Agglomerations and Intercity Roads by Professional Truck Drivers},
	journal = {Sustainability},
	volume = {13},
	number = {5},
	pages = {2935},
	language = {English},
	url = {https://search-proquest-com.library.sheridanc.on.ca/scholarly-journals/evaluation-intelligent-transport-systems-used/docview/2501395556/se-2?accountid=3455}
}

@MISC{Location_2021,
	title = {Find and Improve Your Location’s Accuracy},
	url = {https://support.google.com/maps/answer/2839911?co=GENIE.Platform%3DAndroid&hl=en},
	journal = {Support.google.com},
	year = {2021}
}

@MISC{Godden_2013,
	title = {Algorithm to calculate speed from two GPS latitude and longitude points and time difference},
	url = {https://www.ridgesolutions.ie/index.php/2013/11/14/algorithm-to-calculate-speed-from-two-gps-latitude-and-longitude-points-and-time-difference/},
	journal = {Ridgesolutions.ie},
	author = {Godden, Kevin},
	year = {2013}
}

@article{Lindenberg_2013,
	title = {Comparative Analysis of GPS Data},
	volume = {5},
	DOI = {10.5038/2326-3652.5.2.1},
	number = {2},
	journal = {Undergraduate Journal of Mathematical Modeling: One + Two},
	author = {von Lindenberg, Kiel},
	year = {2013}
}

@book{archer_2005,
	place = {Stockholm},
	title = {Indicators for traffic safety assessment and prediction and their application in micro-simulation modelling},
	publisher = {ROYAL INSTITUTE OF TECHNOLOGY Kungliga Tekniska Högskolan (KTH)},
	author = {Archer, Jeffery},
	year = {2005}
}

@book{traffic_data_computation_method_2018,
	title = {Traffic Data Computation Method},
	place = {Washington, D.C.},
	publisher = {U.S. Department of Transportation, Federal Highway Administration, Office of Highway Policy Information},
	year = {2018},
	pages = {1-115}
}

@article{leur_sayed_2002,
	title = {Development of a Road Safety Risk Index},
	volume = {1784},
	DOI = {10.3141/1784-05},
	number = {1},
	journal = {Transportation Research Record: Journal of the Transportation Research Board},
	author = {Leur, Paul de and Sayed, Tarek},
	year = {2002},
	pages = {33-42}
}

@article{Missikpode2018,
	author = {Missikpode, Celestin and Peek-Asa, Corinne and Young, Tracy and Hamann, Cara},
	year = {2018},
	title = {Does crash risk increase when emergency vehicles are driving with lights and sirens?},
	journal = {Accident analysis and prevention},
	volume = {113},
	pages = {257-262},
	keywords = {Crash risk; Emergency vehicles; Police; Police vehicles; Quasi-induced exposure; Travel; Truck drivers; Warning lights and sirens},
	isbn = {0001-4575},
	language = {English},
}