@preamble{ 
    "\newcommand{\noopsort}[1]{} "
	# "\newcommand{\printfirst}[2]{#1} "
	# "\newcommand{\singleletter}[1]{#1} "
	# "\newcommand{\switchargs}[2]{#2#1} " 
}
@article{Michie1994,
  title     = {Machine learning},
  author    = {Michie, Donald and Spiegelhalter, David J and Taylor, CC and others},
  year      = 1994,
  journal   = {Neural and Statistical Classification},
  publisher = {Technometrics},
  volume    = 13,
  number    = 1994,
  pages     = {1--298}
}
@article{Qi2020,
  title   = {Traffic Differentiated Clustering Routing in DSRC and C-V2X Hybrid Vehicular Networks},
  author  = {W. {Qi} and B. {Landfeldt} and Q. {Song} and L. {Guo} and A. {Jamalipour}},
  year    = 2020,
  journal = {IEEE Transactions on Vehicular Technology},
  volume  = 69,
  number  = 7,
  pages   = {7723--7734},
  doi     = {10.1109/TVT.2020.2990174}
}
@article{Chung2020,
  title    = {Low‐cost, low‐profile and miniaturized single‐plane antenna design for an Internet of Thing device applications operating in 5G, 4G, V2X, DSRC, WiFi 6 band, WLAN, and WiMAX communication systems},
  author   = {Chung, Ming-An and Chang, Wei-Hsuan},
  year     = 2020,
  journal  = {Microwave and optical technology letters},
  volume   = 62,
  number   = 4,
  pages    = {1765--1773},
  isbn     = {0895-2477},
  keywords = {DSRC; multi‐band monopole antenna; 5G; 4G; WiMAX; IoT device; V2X; WiFi 6 band},
  language = {English}
}
@article{Ali2020,
  title    = {A Highly Reliable, 5.8 GHz DSRC Wake-Up Receiver with an Intelligent Digital Controller for an ETC System},
  author   = {Ali, Imran and Asif, Muhammad and Muhammad Riaz, Ur R. and Khan, Danial and Yingge, Huo and Sung, Jin K. and Pu, YoungGun and Sang-Sun, Yoo and Kang-Yoon, Lee},
  year     = 2020,
  journal  = {Sensors},
  volume   = 20,
  number   = 14,
  pages    = 4012,
  url      = {https://search-proquest-com.library.sheridanc.on.ca/scholarly-journals/highly-reliable-5-8-ghz-dsrc-wake-up-receiver/docview/2426427287/se-2?accountid=3455},
  note     = {Copyright - © 2020. This work is licensed under http://creativecommons.org/licenses/by/3.0/ (the “License”). Notwithstanding the ProQuest Terms and Conditions, you may use this content in accordance with the terms of the License; Last updated - 2020-07-24},
  keywords = {Chemistry--Analytical Chemistry; wake-up receiver; digital controller; reliability; electronic toll collection (ETC) system; dedicated short range communication (DSRC); Receivers & amplifiers; Wireless networks; Accuracy; Semiconductors; Radio frequency; Communication; Sensors; Antennas; Circuits; CMOS; Noise; Controllers; Power consumption; Frequency variation; Hibernation; Vehicles},
  language = {English}
}
@article{Khare2020,
  title    = {Fast-track message authentication protocol for DSRC using HMAC and group keys},
  author   = {Smith K. Khare},
  year     = 2020,
  journal  = {Applied Acoustics},
  volume   = 165,
  pages    = 107331,
  doi      = {https://doi.org/10.1016/j.apacoust.2020.107331},
  issn     = {0003-682X},
  url      = {http://www.sciencedirect.com/science/ARTICLE/pii/S0003682X20302425},
  keywords = {VANET, Vehicle authentication, Hash message authentication code (HMAC), Secret keys, Certificate revocation list (CRL), Intelligent transportation system}
}
@article{Tonguz2020,
  title    = {Harnessing Vehicular Broadcast Communications: DSRC-Actuated Traffic Control},
  author   = {Tonguz, {Ozan K.} and Zhang, Rusheng},
  year     = 2020,
  journal  = {IEEE transactions on intelligent transportation systems},
  volume   = 21,
  number   = 2,
  pages    = {509--520},
  isbn     = {1524-9050},
  keywords = {improving traffic flows; Adaptive systems; Urban areas; DSRC-actuated traffic control; distributed traffic control systems; transition scheme to Virtual Traffic Lights; Dedicated short range communication; Standards; communications-based traffic control; Detectors; Reducing average commute time; Cameras; Safety},
  language = {English}
}
@article{Gani2020,
  title   = {Robust and Scalable V2V Safety Communication Based on the SAE J2945/1 Standard},
  author  = {S. M. O. {Gani} and Y. P. {Fallah} and H. {Krishnan}},
  year    = 2020,
  journal = {IEEE Transactions on Intelligent Transportation Systems},
  pages   = {1--12},
  doi     = {10.1109/TITS.2020.3016307}
}
@article{Lyu2020,
  title   = {Characterizing Urban Vehicle-to-Vehicle Communications for Reliable Safety Applications},
  author  = {F. {Lyu} and H. {Zhu} and N. {Cheng} and H. {Zhou} and W. {Xu} and M. {Li} and X. {Shen}},
  year    = 2020,
  journal = {IEEE Transactions on Intelligent Transportation Systems},
  volume  = 21,
  number  = 6,
  pages   = {2586--2602},
  doi     = {10.1109/TITS.2019.2920813}
}
@inproceedings{Al-Absi2020,
  title     = {Comparison between DSRC and other Short Range Wireless Communication Technologies},
  author    = {M. A. {Al-Absi} and A. A. {Al-Absi} and H. J. {Lee}},
  year      = 2020,
  booktitle = {2020 22nd International Conference on Advanced Communication Technology (ICACT)},
  pages     = {1--5},
  doi       = {10.23919/ICACT48636.2020.9061543}
}
@article{Xiong2020,
  title   = {Intelligent Task Offloading for Heterogeneous V2X Communications},
  author  = {K. {Xiong} and S. {Leng} and C. {Huang} and C. {Yuen} and Y. L. {Guan}},
  year    = 2020,
  journal = {IEEE Transactions on Intelligent Transportation Systems},
  pages   = {1--13},
  doi     = {10.1109/TITS.2020.3015210}
}
@article{Subedi2020,
  title    = {Connected Vehicle Training Framework and Lessons Learned to Improve Safety of Highway Patrol Troopers},
  author   = {Subedi, Biraj and Gaweesh, Sherif M. and Yang, Guangchuan and Ahmed, Mohamed M.},
  year     = 2020,
  journal  = {Transportation research record},
  volume   = 2674,
  number   = 12,
  pages    = {447--463},
  isbn     = {0361-1981},
  language = {English}
}
@misc{Global-V2X-Market2020,
  title    = {Global V2X Market for Automotive Market By Communication Type, By Connectivity Type, By Offering Type, By Technology Type, By Propulsion Type, By Company and By Geography, Forecast & Opportunities, 2025: Global V2X Market for Automotive Market By Communication Type (V2C, V2G, V2P, V2I, V2V, V2D), By Connectivity Type (DSRC Connectivity and Cellular Connectivity), By Offering Type (Hardware and Software), By Technology Type (Emergency Vehicle Notification, Automated Driver Assistance, Passenger Information System, Line of Sight and Others), By Propulsion Type (ICE Vehicles and Electric Vehicles), By Company and By Geography, Forecast & Opportunities, 2025},
  year     = 2020,
  month    = {Jun 26},
  journal  = {NASDAQ OMX's News Release Distribution Channel},
  url      = {https://search-proquest-com.library.sheridanc.on.ca/wire-feeds/global-v2x-market-automotive-communication-type/docview/2417172582/se-2?accountid=3455},
  note     = {Copyright - GlobeNewswire, Inc; Last updated - 2020-12-25},
  keywords = {Business And Economics; Software; Connectivity; Collaboration; Communication; Electric vehicles; Competition; Annual reports; Product development; Market research; United States--US; 54191:Marketing Research and Public Opinion Polling},
  language = {English}
}
@inproceedings{Ahmed2017,
  title     = {Demo: Freeway Merge Assistance System Using DSRC},
  author    = {Ahmed, Md Salman and Hoque, Mohammad A. and Rios-Torres, Jackeline and Khattak, Asad},
  year      = 2017,
  booktitle = {Proceedings of the 2nd ACM International Workshop on Smart, Autonomous, and Connected Vehicular Systems and Services},
  location  = {Snowbird, Utah, USA},
  publisher = {Association for Computing Machinery},
  address   = {New York, NY, USA},
  series    = {CarSys '17},
  pages     = {83–84},
  doi       = {10.1145/3131944.3131957},
  isbn      = 9781450351461,
  url       = {https://doi.org/10.1145/3131944.3131957},
  numpages  = 2,
  keywords  = {ramps, freeway, connected vehicle, merge assistance system, DSRC, decentralized system, merge control algorithms, advisory}
}
@article{Ni2020,
  title    = {Multivehicle Cooperative Lane Change Control Strategy for Intelligent Connected Vehicle},
  author   = {Ni, Jie and Han, Jingwen and Dong, Fei},
  year     = 2020,
  journal  = {Journal of advanced transportation},
  volume   = 2020,
  pages    = {1--10},
  isbn     = {0197-6729},
  keywords = {Multiple objective analysis; Lane changing; Decision making; Cooperative control; Traffic accidents & safety; Optimization; Vehicles; Traffic flow; Algorithms; Collaboration; Cooperation; Kinematics; Control algorithms; Strategy; Lane keeping; Feasibility; Collision avoidance; Nonlinear systems; Predictive control},
  language = {English}
}
@article{Sukru2020,
  title    = {Collision Avoidance of Low Speed Autonomous Shuttles with Pedestrians},
  author   = {Gelbal, Sukru Y. and Aksun-Guvenc, Bilin and Guvenc, Levent},
  year     = 2020,
  journal  = {International journal of automotive technology},
  volume   = 21,
  number   = 4,
  pages    = {903--917},
  isbn     = {1229-9138},
  language = {English}
}
@article{Hafeez2013,
  title   = {Performance Analysis and Enhancement of the DSRC for VANET's Safety Applications},
  author  = {K. A. {Hafeez} and L. {Zhao} and B. {Ma} and J. W. {Mark}},
  year    = 2013,
  journal = {IEEE Transactions on Vehicular Technology},
  volume  = 62,
  number  = 7,
  pages   = {3069--3083},
  doi     = {10.1109/TVT.2013.2251374}
}
@article{Lee2014,
  title    = {Impact of Vehicular Networks on Emergency Medical Services in Urban Areas},
  author   = {Lee, Chun-Liang and Huang, Chung-Yuan and Hsiao, Tzu-Chien and Wu, Chun-Yen and Chen, Yaw-Chung and Wang, I-C},
  year     = 2014,
  month    = 11,
  journal  = {International Journal of Environmental Research and Public Health},
  volume   = 11,
  number   = 11,
  pages    = {11348--70},
  isbn     = {1661-7827},
  url      = {https://search-proquest-com.library.sheridanc.on.ca/scholarly-journals/impact-vehicular-networks-on-emergency-medical/docview/1626667006/se-2?accountid=3455},
  note     = {Copyright - Copyright Molecular Diversity Preservation International Nov 2014; Document feature - Illustrations; Charts; Maps; Photographs; ; Last updated - 2015-02-28},
  keywords = {Sciences: Comprehensive Works; Emergency medical care; Urban areas; Health care delivery; Simulation; Emergency services},
  language = {English}
}
@inproceedings{Buchenscheit2009,
  title     = {A VANET-based emergency vehicle warning system},
  author    = {A. {Buchenscheit} and F. {Schaub} and F. {Kargl} and M. {Weber}},
  year      = 2009,
  booktitle = {2009 IEEE Vehicular Networking Conference (VNC)},
  pages     = {1--8},
  doi       = {10.1109/VNC.2009.5416384}
}
@inproceedings{Huang2009,
  title     = {A Centralized Traffic Control Mechanism for Evacuation of Emergency Vehicles Using the DSRC Protocol},
  author    = {C. {Huang} and C. {Yang} and C. {Tseng} and C. {Chou}},
  year      = 2009,
  booktitle = {2009 4th International Symposium on Wireless Pervasive Computing},
  pages     = {1--5},
  doi       = {10.1109/ISWPC.2009.4800550}
}
@inproceedings{Rizvi2007,
  title     = {A Novel Approach to Reduce Traffic Chaos in Emergency and Evacuation Scenarios},
  author    = {S. R. {Rizvi} and S. {Olariu} and M. C. {Weigle} and M. E. {Rizvi}},
  year      = 2007,
  booktitle = {2007 IEEE 66th Vehicular Technology Conference},
  pages     = {1937--1941},
  doi       = {10.1109/VETECF.2007.407}
}
@article{Hsiao2018,
  title    = {Preventing Emergency Vehicle Crashes: Status and Challenges of Human Factors Issues},
  author   = {Hsiao, Hongwei and Chang, Joonho and Simeonov, Peter},
  year     = 2018,
  journal  = {Human factors},
  volume   = 60,
  number   = 7,
  pages    = {1048--1072},
  isbn     = {0018-7208},
  keywords = {Control; Emergency vehicles; Ergonomics; Traffic accidents; Analysis; Accidents; Index Medicus; Space life sciences; ambulance; driver assistance systems; police vehicle; roadway design; fire truck; intersection},
  language = {English}
}
@article{Al-Ghamdi2002,
  title    = {Emergency medical service rescue times in Riyadh},
  author   = {Al-Ghamdi, {Ali S.}},
  year     = 2002,
  journal  = {Accident analysis and prevention},
  volume   = 34,
  number   = 4,
  pages    = {499--505},
  isbn     = {0001-4575},
  keywords = {Rescue time; Percentile; Emergency medical service; Response time; Test statistic; Red Cross; Humans; Accidents, Traffic - statistics & numerical data; Time and Motion Studies; Ambulances - standards; Models, Statistical; Ambulances - statistics & numerical data; Saudi Arabia - epidemiology; Quality of Health Care; Index Medicus},
  language = {English}
}
@inproceedings{Vlad2008,
  author    = {Vlad, {R. C.} and Morel, C. and Morel, {J. Y.} and Vlad, S.},
  year      = 2008,
  booktitle = {A Learning Real-Time Routing System for Emergency Vehicles},
  publisher = {IEEE},
  volume    = 3,
  pages     = {390--395},
  isbn      = {9781424425761;142442576X;},
  keywords  = {Real time systems; Artificial neural networks; Routing; Emergency services; Distance measurement; Delay; Vehicles},
  language  = {English}
}
@article{Retting1995,
  title    = {Classifying urban crashes for countermeasure development},
  author   = {Retting, R. A. and Williams, A. F. and Preusser, D. F. and Weinstein, H. B.},
  year     = 1995,
  journal  = {Accident analysis and prevention},
  volume   = 27,
  number   = 3,
  pages    = {283--294},
  isbn     = {0001-4575},
  keywords = {Accidents, Traffic - classification; United States; Humans; Risk Factors; Social Environment; Urban Population; Accidents, Traffic - prevention & control; Index Medicus},
  language = {English}
}
@misc{Emergency-Vehicles2020,
  title   = {Emergency Vehicles},
  year    = 2020,
  journal = {Injury Facts},
  url     = {https://injuryfacts.nsc.org/motor-vehicle/road-users/emergency-vehicles/}
}
@misc{Vehicle-Fatalities2020,
  title   = {Preview of Motor Vehicle Traffic Fatalities in 2019-2020},
  year    = 2020,
  journal = {Crashstats.nhtsa.dot.gov},
  url     = {https://crashstats.nhtsa.dot.gov/Api/Public/ViewPublication/813021}
}
@misc{Leading-Causes-Death2021,
  title   = {Leading Causes of Death in 2021},
  year    = 2021,
  journal = {CDC.gov},
  url     = {https://www.cdc.gov/nchs/fastats/leading-causes-of-death.htm}
}
@misc{Canada-Driving-Stats2021,
  title   = {2021 Driving Statistics: The Ultimate List of Canadian Driving},
  year    = 2021,
  journal = {Tests.ca},
  url     = {https://tests.ca/driving-statistics/}
}
@misc{Vehicles-on-Road2020,
  title   = {More vehicles on the road in 2019_2020},
  year    = 2020,
  journal = {Statistics Canada},
  url     = {https://www150.statcan.gc.ca/n1/daily-quotidien/200910/dq200910d-eng.htm?indid=635-1&indgeo=0}
}
@misc{Idling-Impacts2016,
  title   = {Emission Impacts Resulting from Vehicle Idling in 2016},
  year    = 2016,
  journal = {Nrcan.gc.ca},
  url     = {https://www.nrcan.gc.ca/energy/efficiency/communities-infrastructure/transportation/cars-light-trucks/idling/4415}
}
@inproceedings{Ismath2019,
  title     = {Emergency Vehicle Traversal using DSRC/WAVE based Vehicular Communication},
  author    = {Ismath, Insaf and Samarasinghe, Tharaka and Dias, Dileeka and Wimalarathna, Madara and Rasanga, Waruna and Jayaweera, Nalin and Nugera, Yohan},
  year      = 2019,
  publisher = {IEEE},
  pages     = {1981--1986},
  keywords  = {DSRC; WAVE; vehicular ad-hoc networks; Emergency vehicle traversal; V2V communication; intelligent transport systems},
  language  = {English}
}
@article{Bahaaldin2017,
  title    = {A Case Study on the Impacts of Connected Vehicle Technology on No-Notice Evacuation Clearance Time},
  author   = {Bahaaldin, Karzan and Fries, Ryan and Bhavsar, Parth and Das, Plaban},
  year     = 2017,
  journal  = {Journal of advanced transportation},
  volume   = 2017,
  pages    = {1--9},
  isbn     = {0197-6729},
  keywords = {Case studies; Evacuation of civilians; Analysis; Illinois; Traffic engineering; Metropolitan areas; Methods; Performance evaluation; Roads & highways; Roads; Traffic models; Traffic planning; Traffic; Emergency management; Transportation engineering; Research; Information dissemination; Vehicles; Traffic flow; Disasters; Technology; Route optimization; Infrastructure; Emergency preparedness; Transportation planning; Communication; Computer simulation; Forest & brush fires; Penetration; Researchers; Algorithms; Evacuation systems; Traffic management; Evacuation; Evacuations & rescues; Traffic congestion},
  language = {English}
}
@article{Passafiume2020,
  title    = {Design Principles of Batteryless Transponder for Vehicular DSRC at 5.8 GHz},
  author   = {Passafiume, Marco and Collodi, Giovanni and Cidronali, Alessandro},
  year     = 2020,
  journal  = {IEEE Journal of Radio Frequency Identification},
  volume   = 4,
  number   = 4,
  pages    = {491--505},
  isbn     = {2469-7281},
  keywords = {Wireless communication; DSRC; Wireless sensor networks; batteryless transponder; low power communications; vehicular communications; Batteries; Energy harvesting; Transponders; Impedance; wireless sensors; Radiofrequency identification},
  language = {English}
}
@misc{McCarthy2020,
  title   = {U.S. Pedestrian Deaths Hit Highest Level In 30 Years},
  author  = {McCarthy, Niall},
  year    = 2020,
  journal = {Statista},
  url     = {https://www.statista.com/chart/17194/pedestrian-fatalities-in-the-us-by-year/}
}
@misc{Wagner2020,
  title   = {Road accidents in the United States},
  author  = {Wagner, I},
  year    = 2020,
  journal = {Statista},
  url     = {https://www.statista.com/topics/3708/road-accidents-in-the-us/}
}
@article{Ray2007,
  title    = {Comparison of Rural andUrban Ambulance Crashes in Pennsylvania},
  author   = {Ray, Adam M. and Kupas, Douglas F.},
  year     = 2007,
  journal  = {Prehospital emergency care},
  volume   = 11,
  number   = 4,
  pages    = {416--420},
  isbn     = {1090-3127},
  keywords = {EMS; ambulance; motor vehicle crashes; urban; injury prevention; rural},
  language = {English}
}
@misc{enforcement-safety2020,
  title   = {Law Enforcement Officer Motor Vehicle Safety in 2020},
  year    = 2020,
  journal = {CDC.gov},
  url     = {https://www.cdc.gov/niosh/topics/leo/default.html}
}
@article{Orange-Tesla2014,
  title   = {orange business services to provide wireless connectivity for tesla cars in france_2014},
  year    = 2014,
  journal = {Telecommunications Weekly},
  pages   = 132,
  url     = {https://link.gale.com/apps/doc/A389022445/PPCM?u=ko_acd_shc&sid=bookmark-PPCM&xid=19685d2a}
}
@misc{TelsaConnectivity2021,
  year    = 2021,
  journal = {Tesla.com},
  url     = {https://www.tesla.com/support/connectivity}
}

@misc{MoveOver_2021,
	title = {Move over for emergency vehicles - it's the law!},
	url = {https://www.407etr.com/en/highway/safety/OPPArticle1.html},
	journal = {407etr.com},
	year = {2021}
}

@misc{MTO_2020, 
	title = {Dealing with Particular Situations},
	url = {https://www.ontario.ca/document/official-mto-drivers-handbook/dealing-particular-situations},
	journal = {Ontario.ca},
	year = {2020}
}

@phdthesis{McDonald2013,
	author = {McDonald, William G., Sr},
	keywords = {Public policy; Health care management},
	isbn = {1267945028;9781267945020;},
	language = {English}
}

@article{Beneoks2019,
	author = {Benekos, Ioannis, PhD. and Mavromatis, Stergios, PhD. and Laiou, Alexandra and Yannis, George},
	year = {2019},
	month = {01},
	title = {The Use of Intelligent Transportation Systems in Risk and Emergency Management for Road Transport Planning and Operation},
	journal = {Institute of Transportation Engineers.ITE Journal},
	volume = {89},
	number = {1},
	pages = {44-49},
	isbn = {01628178},
	language = {English},
	url = {https://search-proquest-com.library.sheridanc.on.ca/scholarly-journals/use-intelligent-transportation-systems-risk/docview/2173846522/se-2?accountid=3455},
}

@article{Drop2021,
	author = {Drop, Natalia and Garlinska, Daria},
	year = {2021},
	title = {Evaluation of Intelligent Transport Systems Used in Urban Agglomerations and Intercity Roads by Professional Truck Drivers},
	journal = {Sustainability},
	volume = {13},
	number = {5},
	pages = {2935},
	language = {English},
	url = {https://search-proquest-com.library.sheridanc.on.ca/scholarly-journals/evaluation-intelligent-transport-systems-used/docview/2501395556/se-2?accountid=3455}
}

@MISC{Location_2021,
	title = {Find and Improve Your Location’s Accuracy},
	url = {https://support.google.com/maps/answer/2839911?co=GENIE.Platform%3DAndroid&hl=en},
	journal = {Support.google.com},
	year = {2021}
}

@MISC{Godden_2013,
	title = {Algorithm to calculate speed from two GPS latitude and longitude points and time difference},
	url = {https://www.ridgesolutions.ie/index.php/2013/11/14/algorithm-to-calculate-speed-from-two-gps-latitude-and-longitude-points-and-time-difference/},
	journal = {Ridgesolutions.ie},
	author = {Godden, Kevin},
	year = {2013}
}

@article{Lindenberg_2013,
	title = {Comparative Analysis of GPS Data},
	volume = {5},
	DOI = {10.5038/2326-3652.5.2.1},
	number = {2},
	journal = {Undergraduate Journal of Mathematical Modeling: One + Two},
	author = {von Lindenberg, Kiel},
	year = {2013}
}

@book{archer_2005,
	place = {Stockholm},
	title = {Indicators for traffic safety assessment and prediction and their application in micro-simulation modelling},
	publisher = {ROYAL INSTITUTE OF TECHNOLOGY Kungliga Tekniska Högskolan (KTH)},
	author = {Archer, Jeffery},
	year = {2005}
}

@book{traffic_data_computation_method_2018,
	title = {Traffic Data Computation Method},
	place = {Washington, D.C.},
	publisher = {U.S. Department of Transportation, Federal Highway Administration, Office of Highway Policy Information},
	year = {2018},
	pages = {1-115}
}

@article{leur_sayed_2002,
	title = {Development of a Road Safety Risk Index},
	volume = {1784},
	DOI = {10.3141/1784-05},
	number = {1},
	journal = {Transportation Research Record: Journal of the Transportation Research Board},
	author = {Leur, Paul de and Sayed, Tarek},
	year = {2002},
	pages = {33-42}
}

@article{Missikpode2018,
	author = {Missikpode, Celestin and Peek-Asa, Corinne and Young, Tracy and Hamann, Cara},
	year = {2018},
	title = {Does crash risk increase when emergency vehicles are driving with lights and sirens?},
	journal = {Accident analysis and prevention},
	volume = {113},
	pages = {257-262},
	keywords = {Crash risk; Emergency vehicles; Police; Police vehicles; Quasi-induced exposure; Travel; Truck drivers; Warning lights and sirens},
	isbn = {0001-4575},
	language = {English},
}