@preamble{ "\newcommand{\noopsort}[1]{} "
	# "\newcommand{\printfirst}[2]{#1} "
	# "\newcommand{\singleletter}[1]{#1} "
	# "\newcommand{\switchargs}[2]{#2#1} " }

@misc{RN1016,
   year = {2018},
   type = {Government Document}
}

@misc{RN1015,
   howpublished = {http://www.soumu.go.jp/english/ },
   year = {2019},
   title = {Ministry of Internal Affairs and Communications. In. Japanß},
   type = {Government Document}
}

@misc{world2018,
   title={World Report on Ageing and Health},
   Author={World Health Organization},
   publisher={World Health Organization},
   year={2018}
}

@article{fda2007,
    author = {Bourke, Alan and O'Brien, J.V. and ÓLaighin, Gearóid},
    year = {2007},
    month = {08},
    pages = {194-9},
    title = {Evaluation of threshold-based tri-axial accelerometer fall detection algorithm},
    volume = {26},
    journal = {Gait \& posture}
}

@article{RN1007,
   author = {Albert, M.V. and Kording, K. and Herrmann, M. and Jayaraman, A.},
   title = {Fall Classification by Machine Learning Using Mobile Phones},
   journal = {PLoS ONE },
   volume = {7},
   number = {5},
   pages = {1-6},
   year = {2012},
   type = {Journal Article}
}

@article{AG2015,
   author = {Kowal P., Goodkind D. and He W.},
   title = {An Aging World: 2015, International Population Reports},
   journal = {U.S. Government Printing Office, Washington DC.},
   year = {2016}
}

@inproceedings{RN997,
   author = {Bourke, Alan, K.  and Klenk, Jochen  and Schwickert, Lars  and Aminian, Kamiar  and Ihlen, Espen, A.F.  and Mellone, Sabato  and Helbostad, Jorunn, L.  and Chiari, Lorenzo },
   title = {Fall detection algorithms for real-world falls harvested from lumbar sensors in the elderly population: A machine learning approach},
   booktitle = {38th Annual International Conference of the IEEE Engineering in Medicine and Biology Society (EMBC)},
   type = {Conference Proceedings}
}

@article{RN996,
   author = {Bourke, A. K.  and O’Brien, J. V.  and Lyons, G. M. },
   title = {Evaluation of a threshold-based tri-axial accelerometer fall detection algorithm},
   journal = {Gait \& Posture},
   volume = {26},
   pages = {194–199},
   year = {2007},
   type = {Journal Article}
}

@article{RN1003,
   author = {Cao, Zhe  and Hidalgo, Gines  and Simon, Tomas  and Wei, Shih-En  and Sheikh, Yaser },
   title = {OpenPose: Realtime Multi-Person 2D Pose Estimation using Part Affinity Fields},
   journal = {4},
   volume = {14},
   pages = {1-14},
   year = {2019},
   type = {Journal Article}
}

@online{posenet2019,
  title = {PoseNet: Pose Estimation using PoseNet},
  howpublished = {https://www.tensorflow.org/lite/models /pose\_estimation/ overview},
  year = {2019},
  note = "[Online; Accessed 2019-12-05]",

}

@online{Antoine2013,
    title = {Fall detection Dataset},
    author = {Antoine Trapet},
    howpublished = {http://le2i.cnrs.fr/Fall-detection-Dataset?lang=fr},
    year = {2013},
    note = "[Online; Accessed 2019-12-05]",
}


@online{Hamilton2011,
    title = {Confusion Matrix},
    author = {Hamilton, H.J},
    howpublished = "http://www2.cs.uregina.ca/~hamilton/courses/831/notes/confusion\_matrix/ confusion\_matrix.html/",
    year = {2011},
    note = "[Online; Accessed 2019-12-05]",
}


@MISC{Elkan12evaluatingclassifiers,
    author = {Charles Elkan},
    title = {Evaluating Classifiers},
    year = {2012}
}

@article{Forman2010,
    author = {Forman, George and Scholz, Martin},
    year = {2010},
    month = {11},
    pages = {},
    title = {Apples-to-apples in cross-validation studies},
    volume = {12},
    journal = {ACM SIGKDD Explorations Newsletter}
}

@article{Kohavi1998,
    author = {Kohavi, Ron and Provost, F.},
    year = {1998},
    month = {01},
    title = {Glossary of terms. Special issue of applications of machine learning and the knowledge discovery process},
    volume = {30},
    journal = {Mach. Learn.}
}

@article{lu2004,
    author = {lu, Zhiyong and Szafron, Duane and Greiner, Russ and Lu, P and Wishart, D and Poulin, B and Anvik, John and Macdonell, C and Eisner, R},
    year = {2004},
    month = {04},
    pages = {547-56},
    title = {Predicting subcellular localization of proteins using machine-learned classifiers},
    volume = {20},
    journal = {Bioinformatics (Oxford, England)}
}

@online{SciKit2019,
    title = {SciKit: Classification road-ma},
    howpublished = {https://scikit-learn.org/stable/tutorial/machine\_learning\_map/ index.html},
    year = {2019},
    note = "[Online; Accessed 2019-12-05]",
}


@article{RN1004,
   author = {Carreira, Jo˜ao  and Agrawal, Pukit and Fragkiadaki, Katerina and Malik, Jitendra},
   title = {Human Pose Estimation with Iterative Error Feedback},
   journal = {The Computer Vision Foundation},
   year = {2019},
   type = {Journal Article}
}

@misc{RN1013,
   year = {2016},
   type = {Government Document}
}


@article{JP2019,
   author = {Horie, M},
   title = {Change  of  Population  Structure  of  Japan  and  Roles  of  Administrative  Counselors.},
   journal = {National Graduate Institue for Policy Studies},
   year = {2019},
   booktitle={Ministry of Internal Affairs and Communications, Japan},
   type = {Journal Article}
}

@article{Rub2006,
    author = {Rubenstein, Laurence},
    year = {2006},
    month = {10},
    pages = {ii37-ii41},
    title = {Falls in Older People: Epidemiology, Risk Factors and Strategies for Prevention},
    volume = {35 Suppl 2},
    journal = {Age and ageing}
}

@article{RN998,
   author = {Hsieh, Chia-Yeh  and Liu, Kai-Chun  and Huang, Chih-Ning  and Chu, Woei-Chyn  and Chan, Chia-Tai},
   title = {Novel Hierarchical Fall Detection Algorithm Using a Multiphase Fall Model},
   journal = {Sensors},
   volume = {17},
   number = {2},
   year = {2017},
   type = {Journal Article}
}

@inproceedings{RN1020,
   author = {Huang, Zhanyuan and Liu, Yang and Fang, Yajun and Horn, Berthold, K. P.},
   title = {Video-based Fall Detection for Seniors with Human Pose Estimation},
   booktitle = {4th International Conference on Universal Village},
   publisher = {IEEE},
   type = {Conference Proceedings}
}

@article{Kwolek2014,
    author = {Kwolek, Bogdan and Kepski, Michal},
    year = {2014},
    month = {10},
    pages = {489–501},
    title = {Human fall detection on embedded platform using depth maps and wireless accelerometer},
    volume = {117},
    journal = {Computer Methods and Programs in Biomedicine}
}

@article{Auvinet2011,
    author = {Auvinet, Edouard and Rougier, Caroline and Meunier, Jean and St-Arnaud, Alain and Rousseau, Jacqueline},
    year = {2011},
    month = {01},
    title = {Multiple cameras fall data set}
}

@article{RN999,
   author = {Huynh, Quoc T.  and Nguyen, Uyen D.  and Irazabal, Lucia B.  and Ghassemian, Nazanin  and Tran, Binh Q. },
   title = {Optimization of an Accelerometer and Gyroscope-Based Fall Detection Algorithm},
   journal = {Journal of Sensors},
   year = {2015},
   type = {Journal Article}
}

@inproceedings{RN1019,
   author = {Hwang, J.Y. and Kang, J.M. and Jang, Y.W. and Kim, H.C.},
   title = {Development of Novel algorithm and real-time monitoring ambulatory system using Bluetooth module for fall detection in the elderly},
   booktitle = {26th annual international conference of the IEEE-EMBS},
   publisher = {IEEE},
   type = {Conference Proceedings}
}

@article{RN1012,
   author = {Kong, Xiangbo  and Chen, Lehan  and Wang, Zhichen  and Chen, Yuxi  and Meng, Lin  and Tomiyama, Hiroyuki },
   title = {Robust Self-Adaptation Fall-Detection System Based on Camera Height},
   journal = {Sensors},
   volume = {19},
   number = {17},
   year = {2019},
   type = {Journal Article}
}

@inproceedings{Homa2008,
    author = {Foroughi, Homa and Rezvanian, Alireza and Paziraee, Amirhossien},
    year = {2008},
    month = {12},
    pages = {413-420},
    title = {Robust Fall Detection Using Human Shape and Multi-class Support Vector Machine},
    journal = {Proceedings of the Sixth Indian Conference on CVGIP}
}

@article{RN1034,
   author = {Lee, Jin-Shyan and Tseng, Hsuan-Han},
   title = {Development of an Enhanced Threshold-Based Fall Detection System Using Smartphones With Built-In Accelerometers},
   journal = {IEEE Sensors Journal },
   volume = {19},
   number = {18},
   pages = {8293-8302},
   year = {2019},
   type = {Journal Article}
}

@inproceedings{Doukas2007,
    author = {Doukas, Charalampos and Maglogiannis, Ilias and Tragas, Philippos and Liapis, Dimitris and Yovanof, Gregory},
    year = {2007},
    month = {11},
    pages = {},
    title = {Patient Fall Detection using Support Vector Machines},
    volume = {247},
    journal = {International Federation for Information Processing Digital Library; Artificial Intelligence and Innovations 2007 from Theory to Applications;}
}

@inbook{Muneeswari2020,
    author = {Muneeswari, G. and Daniel, D. and Natarajan, K.},
    year = {2020},
    month = {01},
    pages = {323-330},
    title = {Activity Classifier: A Novel Approach Using Naive Bayes Classification},
    isbn = {978-3-030-33845-9}
}


@inproceedings{Jian2019,
    author = {He, Jian and Zhang, Zihao and Yu, Weiguo},
    year = {2018},
    month = {10},
    pages = {579-584},
    title = {Interrupt-Driven Fall Detection System Realized via a Kalman Filter and kNN Algorithm}
}

@inproceedings{Liang2018,
    author = {Liang, Shengyun and Chu, Tianyue and Lin, Dan and Ning, Yunkun and Li, Huiqi and Zhao, Guoru},
    year = {2018},
    month = {07},
    pages = {4401-4405},
    title = {Pre-impact Alarm System for Fall Detection Using MEMS Sensors and HMM-based SVM Classifier},
    volume = {2018},
    journal = {Conference proceedings: ... Annual International Conference of the IEEE Engineering in Medicine and Biology Society. IEEE Engineering in Medicine and Biology Society. Conference}
}

@article{Wang2017,
    author = {Wang, Y. and Wu, K. and Ni, Lionel},
    year = {2017},
    month = {02},
    pages = {581-594},
    title = {WiFall: Device-Free Fall Detection by Wireless Networks},
    volume = {16},
    doi = {10.1109/TMC.2016.2557792}
}

@article{Lustrek2009,
    author = {Lustrek, Mitja and Kaluza, Bostjan},
    year = {2009},
    month = {01},
    pages = {197-204},
    title = {Fall Detection and Activity Recognition with Machine Learning},
    volume = {33},
    journal = {Informatica (Slovenia)}
}

@article{RN1008,
   author = {Luštrek, Mitja  and Kaluža, Boštjan  and Stefan, Jožef },
   title = {Fall Detection and Activity Recognition with Machine Learning},
   journal = {Informatica},
   volume = {33},
   pages = {205-212},
   year = {2009},
   type = {Journal Article}
}

@article{RN1000,
   author = {Maneeprom, Natthawadee  and Taneepanichskul, Surasak  and Panza, Alessio },
   title = {Falls among physically active elderly in senior housings, Bangkok, Thailand: situations and perceptions},
   journal = {Clinical Intervention and Aging},
   volume = {13},
   pages = {2149–2159},
   year = {2018},
   type = {Journal Article}
}

@article{RN1011,
   author = {Miller, Erin  and Wightman, Elizabeth  and Rumbolt, Karla  and McConnell, Sara  and Berg, Katherine  and Devereaux, Moira  and Campbell, Fiona},
   title = {Management of Fall-Related Injuries in the Elderly: A Retrospective Chart Review of Patients Presenting to the Emergency Department of a Community-Based Teaching Hospital},
   journal = {Physiotherapy Canada},
   volume = {61},
   number = {1},
   year = {2009},
   type = {Journal Article}
}


@article{RN1014,
   author = {Pang, Z. and Zheng, L.  and Tian, J.  and Kao-Walter, S. and Dubrova, E. and Chen, Q. },
   title = {Design of a terminal solution for integration of in-home health care devices and services towards the Internet-of-Things. },
   journal = {Enterprise Information Systems},
   volume = {9},
   pages = {86-116},
   year = {2019},
   type = {Journal Article}
}

@article{RN1001,
   author = {Pi, Hong-Ying  and Hu, Meng-Meng  and Zhang, Jie  and Peng, Pei-Pei  and Nie, Dan },
   title = {Circumstances of falls and fall-related injuries among frail elderly under home care in China},
   journal = {International Journal of Nursing Sciences},
   volume = {2},
   pages = {237-242},
   year = {2015},
   type = {Journal Article}
}

@inproceedings{RN1018,
   author = {Pramerdorfer, C. and Planinc, R. and Van Loock, M. and Fankhauser, D. and Kampel, M. and Brandstotter, M. },
   title = {Fall detection based on depth-data in practice},
   booktitle = {European Conference on Computer Vision},
   pages = {195–208},
   type = {Conference Proceedings}
}

@article{RN1002,
   author = {Rubenstein, Laurence, Z.},
   title = {Falls in older people: epidemiology, risk factors and strategies for prevention},
   journal = {Age and Ageing },
   volume = {2},
   number = {3},
   pages = {37-41},
   year = {2006},
   type = {Journal Article}
}

@inproceedings{RN1017,
   author = {Solbach, M.D. and Tsotsos, J.K.},
   title = {Vision-based fallen person detection for the elderly. },
   booktitle = {IEEE International Conference on Computer Vision},
   publisher = {IEEE},
   pages = {1433–1442},
   type = {Conference Proceedings}
}

@article{RN1009,
   author = {Wang, Yuxi  and Wu, Kaishun and Ni, Lionel. M.},
   title = {WiFall: Device-Free Fall Detection by Wireless Networks},
   journal = {IEEE Transactions of Mobile Computing},
   volume = {16},
   number = {2},
   pages = {581-},
   year = {2017},
   type = {Journal Article}
}

@article{RN1005,
   author = {Zhao, Mingmin  and Li, Tianhong and Abu, Mohammad, Alsheikh  and Yonglong, Tian and Zhao, Hang  and Torralba, Antonio  and Katabi, Dina},
   title = {Through-Wall Human Pose Estimation Using Radio Signals},
   journal = {The Computer Vision Foundation},
   pages = {7356-7365},
   year = {2018},
   type = {Journal Article}
}

@article{RN1006,
   author = {Zhou, Xiaowei  and Zhu, Menglong  and Leonardos, Spyridon  and Derpanis, Konstantinos, G.  and Daniilidis, Kostas },
   title = {Sparseness Meets Deepness: 3D Human Pose Estimation from Monocular Video},
   journal = {The Computer Vision Foundation},
   pages = {4966-4975},
   year = {2019},
   type = {Journal Article}
}

@article{samira2018,
    author = {Pouyanfar, Samira and Sadiq, Saad and Yan, Yilin and Tian, Haiman and Tao, Yudong and Presa Reyes, Maria and Shyu, Mei-Ling and Chen, Shu-Ching and Iyengar, S.},
    year = {2018},
    month = {09},
    pages = {1-36},
    title = {A Survey on Deep Learning: Algorithms, Techniques, and Applications},
    volume = {51},
    journal = {ACM Computing Surveys}
}

